<record><leader>00000cas a22000007a 4500</leader><controlfield tag="001">23092085</controlfield><controlfield tag="008">910212d18821uuucouuu ne      0    0spa d</controlfield><datafield ind1=" " ind2=" " tag="010"><subfield code="a">sn 91052019 </subfield></datafield><datafield ind1=" " ind2=" " tag="040"><subfield code="a">CNQ</subfield><subfield code="b">eng</subfield><subfield code="c">CNQ</subfield><subfield code="d">OCLCQ</subfield></datafield><datafield ind1=" " ind2=" " tag="042"><subfield code="a">msc</subfield></datafield><datafield ind1=" " ind2=" " tag="043"><subfield code="a">n-us-co</subfield></datafield><datafield ind1="0" ind2=" " tag="130"><subfield code="a">Anciano (Trinidad, Colo.)</subfield></datafield><datafield ind1="1" ind2="3" tag="245"><subfield code="a">El anciano.</subfield></datafield><datafield ind1=" " ind2=" " tag="260"><subfield code="a">Trinidad, Colo. :</subfield><subfield code="b">Alej. M. Darley</subfield></datafield><datafield ind1=" " ind2=" " tag="300"><subfield code="a">v.</subfield></datafield><datafield ind1="1" ind2=" " tag="362"><subfield code="a">Began in Apr. 1882?</subfield></datafield><datafield ind1=" " ind2=" " tag="546"><subfield code="a">In Spanish.</subfield></datafield><datafield ind1=" " ind2=" " tag="588"><subfield code="a">Description based on: An&#771;o 1, nu. 2 (Mayo, 1882).</subfield></datafield><datafield ind1=" " ind2="0" tag="650"><subfield code="a">Hispanics</subfield><subfield code="z">Colorado</subfield><subfield code="z">Trinidad</subfield><subfield code="v">Newspapers.</subfield></datafield><datafield ind1=" " ind2=" " tag="752"><subfield code="a">United States</subfield><subfield code="b">Colorado</subfield><subfield code="c">Las Animas</subfield><subfield code="d">Trinidad.</subfield></datafield><datafield ind1="1" ind2=" " tag="029"><subfield code="a">AU@</subfield><subfield code="b">000025861900</subfield></datafield></record>